@article{alexiadisLiquidgasFlowPatterns2011,
 author = {Alexiadis, A. and Dudukovic, M.P. and Ramachandran, P. and Cornell, A. and Wanngård, J. and Bokkers, A.},
 doi = {10.1016/j.ces.2011.02.046},
 journal = {Chemical Engineering Science},
 pages = {2252-2260},
 publisher = {Elsevier BV},
 title = {Liquid–gas flow patterns in a narrow electrochemical channel},
 volume = {66},
 year = {2011}
}

@article{anguloInfluenceBubblesEnergy2020,
 author = {Angulo, Andrea and {van der Linde}, Peter and Gardeniers, Han and Modestino, Miguel and Rivas, David Fernández},
 doi = {10.1016/j.joule.2020.01.005},
 journal = {Joule},
 pages = {555-579},
 publisher = {Elsevier BV},
 title = {Influence of Bubbles on the Energy Conversion Efficiency of Electrochemical Reactors},
 volume = {4},
 year = {2020}
}

@article{antalAnalysisPhaseDistribution1991,
 author = {Antal, S.P. and Lahey, R.T. and Flaherty, J.E.},
 doi = {10.1016/0301-9322(91)90029-3},
 journal = {International Journal of Multiphase Flow},
 pages = {635-652},
 publisher = {Elsevier BV},
 title = {Analysis of phase distribution in fully developed laminar bubbly two-phase flow},
 volume = {17},
 year = {1991}
}

@article{bakkerGasBubbleRemoval2019,
 author = {Bakker, Mischa M. and Vermaas, David A.},
 doi = {10.1016/j.electacta.2019.06.049},
 journal = {Electrochimica Acta},
 pages = {148-157},
 publisher = {Elsevier BV},
 title = {Gas bubble removal in alkaline water electrolysis with utilization of pressure swings},
 volume = {319},
 year = {2019}
}

@article{bholeCFDSimulationBubble2008,
 author = {Bhole, M.R. and Joshi, J.B. and Ramkrishna, D.},
 doi = {10.1016/j.ces.2008.01.013},
 journal = {Chemical Engineering Science},
 pages = {2267-2282},
 publisher = {Elsevier BV},
 title = {CFD simulation of bubble columns incorporating population balance modeling},
 volume = {63},
 year = {2008}
}

@article{bideauEulerianTwoFluidModel2020,
 author = {Bideau, Damien Le and Mandin, Philippe and Benbouzid, Mohamed and Kim, Myeongsub and Sellier, Mathieu and Ganci, Fabrizio and Inguanta, Rosalinda},
 doi = {10.3390/en13133394},
 journal = {Energies},
 pages = {3394},
 publisher = {MDPI AG},
 title = {Eulerian Two-Fluid Model of Alkaline Water Electrolysis for Hydrogen Production},
 volume = {13},
 year = {2020}
}

@article{bideauEulerianTwoFluidModel2020,
 author = {Bideau, Damien Le and Mandin, Philippe and Benbouzid, Mohamed and Kim, Myeongsub and Sellier, Mathieu and Ganci, Fabrizio and Inguanta, Rosalinda},
 doi = {10.3390/en13133394},
 journal = {Energies},
 pages = {3394},
 publisher = {MDPI AG},
 title = {Eulerian Two-Fluid Model of Alkaline Water Electrolysis for Hydrogen Production},
 volume = {13},
 year = {2020}
}

@article{boissonneauBubbleInducedFree2000,
 author = {Boissonneau, P. and Byrne, P.},
 doi = {10.1023/A:1004034807331},
 journal = {Journal of Applied Electrochemistry},
 pages = {767-775},
 publisher = {Springer Link},
 title = {An experimental investigation of bubble-induced free convection in a small electrochemical cell},
 volume = {30},
 year = {2000}
}

@article{braunsAlkalineWaterElectrolysis2020,
 author = {Brauns, Jörn and Turek, Thomas},
 doi = {10.3390/pr8020248},
 journal = {Processes},
 pages = {248},
 publisher = {MDPI AG},
 title = {Alkaline Water Electrolysis Powered by Renewable Energy: A Review},
 volume = {8},
 year = {2020}
}

@inproceedings{burnsTheFavreAveragedDrag2004,
 author = {Burns, Alan D. and Frank, Thomas and Hamill, Ian and Shi, Jun-Mei},
 journal = {International Conference on Multiphase Flow},
 pages = {1-17},
 title = {The Favre Averaged Drag Model for Turbulent Dispersion in Eulerian Multi-Phase Flows},
 volume = {4},
 year = {2004}
}

@article{buttlerCurrentStatusWater2018,
 author = {Buttler, Alexander and Spliethoff, Hartmut},
 doi = {10.1016/j.rser.2017.09.003},
 journal = {Renewable and Sustainable Energy Reviews},
 pages = {2440-2454},
 publisher = {Elsevier BV},
 title = {Current status of water electrolysis for energy storage, grid balancing and sector coupling via power-to-gas and power-to-liquids: A review},
 volume = {82},
 year = {2018}
}

@article{chenCFDModelingBubble2004,
 author = {Chen, P. and Sanyal, J. and Dudukovic, M.P.},
 doi = {10.1016/j.ces.2004.07.037},
 journal = {Chemical Engineering Science},
 pages = {5201-5207},
 publisher = {Elsevier BV},
 title = {CFD modeling of bubble columns flows: implementation of population balance},
 volume = {59},
 year = {2004}
}

@misc{COMSOLmsmpf1,
 author = {COMSOL Multiphysics},
 title = {Modeling and Simulation of Multiphase Flow in COMSOL Multiphysics: Part1}
}

@article{dreoniAccuracyAssessmentEulerian2022,
 author = {Dreoni, M and Balduzzi, F and Ferrara, G and Bianchini, A},
 doi = {10.1088/1742-6596/2385/1/012040},
 journal = {Journal of Physics: Conference Series},
 pages = {012040},
 publisher = {IOP Publishing},
 title = {Accuracy Assessment of the Eulerian Two-phase Model for the CFD Simulation of Gas Bubbles Dynamics in Alkaline Electrolyzers},
 volume = {2385},
 year = {2022}
}

@article{drewAnalysisVirtualMass1979,
 author = {Drew, D. and Cheng, L. and Lahey, R.T.},
 doi = {10.1016/0301-9322(79)90023-5},
 journal = {International Journal of Multiphase Flow},
 pages = {233-242},
 publisher = {Elsevier BV},
 title = {The analysis of virtual mass effects in two-phase flow},
 volume = {5},
 year = {1979}
}

@article{drewVirtualMassLift1987,
 author = {Drew, D.A. and Lahey, R.T.},
 doi = {10.1016/0301-9322(87)90011-5},
 journal = {International Journal of Multiphase Flow},
 pages = {113-121},
 publisher = {Elsevier BV},
 title = {The virtual mass and lift force on a sphere in rotating and straining inviscid flow},
 volume = {13},
 year = {1987}
}

@article{hreizElectrogeneratedBubblesInduced2015,
 author = {Hreiz, Rainier and Abdelouahed, Lokmane and Fünfschilling, Denis and Lapicque, François},
 doi = {10.1016/j.ces.2015.04.041},
 journal = {Chemical Engineering Science},
 pages = {138-152},
 publisher = {Elsevier BV},
 title = {Electrogenerated bubbles induced convection in narrow vertical cells: PIV measurements and Euler–Lagrange CFD simulation},
 volume = {134},
 year = {2015}
}

@techreport{IEA-H2Future,
 author = {(IEA), International Energy Agency},
 title = {The Future of Hydrogen},
 year = {2019}
}

@article{ikedaDualBubbleLayer2022,
 author = {Ikeda, Hayata and Misumi, Ryuta and Nishiki, Yoshinori and Kuroda, Yoshiyuki and Mitsushima, Shigenori},
 doi = {10.1016/j.electacta.2022.141053},
 journal = {Electrochimica Acta},
 pages = {141053},
 publisher = {Elsevier BV},
 title = {A dual bubble layer model for reactant transfer resistance in alkaline water electrolysis},
 volume = {430},
 year = {2022}
}

@article{ikedaMicroscopicHighspeedVideo2022,
 author = {Ikeda, Hayata and Misumi, Ryuta and Kojima, Yudai and Haleem, Ashraf Abdel and Kuroda, Yoshiyuki and Mitsushima, Shigenori},
 doi = {10.1016/j.ijhydene.2022.01.166},
 journal = {International Journal of Hydrogen Energy},
 pages = {11116-11127},
 publisher = {Elsevier BV},
 title = {Microscopic high-speed video observation of oxygen bubble generation behavior and effects of anode electrode shape on OER performance in alkaline water electrolysis},
 volume = {47},
 year = {2022}
}

@article{jupudiModelingBubbleFlow2009,
 author = {Jupudi, Ravichandra S. and Zhang, Hongmei and Zappi, Guillermo and Bourgeois, Richard},
 doi = {10.1260/1757-482x.1.4.341},
 journal = {The Journal of Computational Multiphase Flows},
 pages = {341-347},
 publisher = {SAGE Publications},
 title = {Modeling Bubble Flow and Current Density Distribution in an Alkaline Electrolysis Cell},
 volume = {1},
 year = {2009}
}

@article{leeMicrofabricatedElectrolyticMicrobubblers2005,
 author = {Lee, S. and Sutomo, W. and Liu, C. and Loth, E.},
 doi = {10.1016/j.ijmultiphaseflow.2005.02.002},
 journal = {International Journal of Multiphase Flow},
 pages = {706-722},
 publisher = {Elsevier BV},
 title = {Micro-fabricated electrolytic micro-bubblers},
 volume = {31},
 year = {2005}
}

@article{liQuadraturebasedMomentMethods2019,
 author = {Li, Dongyue and Li, Zhipeng and Gao, Zhengming},
 doi = {10.1016/j.cjche.2018.11.028},
 journal = {Chinese Journal of Chemical Engineering},
 pages = {483-500},
 publisher = {Elsevier BV},
 title = {Quadrature-based moment methods for the population balance equation: An algorithm review},
 volume = {27},
 year = {2019}
}

@article{liuCultivationAerobicGranules2007,
 author = {Liu, Yong-Qiang and Tay, Joo-Hwa},
 doi = {10.1016/j.bej.2006.11.009},
 journal = {Biochemical Engineering Journal},
 pages = {1-7},
 publisher = {Elsevier BV},
 title = {Cultivation of aerobic granules in a bubble column and an airlift reactor with divided draft tubes at low aeration rate},
 volume = {34},
 year = {2007}
}

@article{lubchenkoMoreFundamentalWall2018,
 author = {Lubchenko, Nazar and Magolan, Ben and Sugrue, Rosie and Baglietto, Emilio},
 doi = {10.1016/j.ijmultiphaseflow.2017.09.003},
 journal = {International Journal of Multiphase Flow},
 pages = {36-44},
 publisher = {Elsevier BV},
 title = {A more fundamental wall lubrication force from turbulent dispersion regularization for multiphase CFD applications},
 volume = {98},
 year = {2018}
}

@misc{OpenFOAMrmef,
 author = {OpenCFD},
 title = {OpenFOAM: API Guide v2006 reactingMultiphaseEulerFoam}
}

@article{parkSolutalMarangoniEffect2023,
 author = {Park, Sunghak and Liu, Luhao and Demirkır, Cayan and {van der Heijden}, Onno and Lohse, Detlef and Krug, Dominik and Koper, Marc T. M.},
 doi = {10.1038/s41557-023-01294-y},
 journal = {Nature Chemistry},
 pages = {1532-1540},
 publisher = {Springer Science and Business Media LLC},
 title = {Solutal Marangoni effect determines bubble dynamics during electrocatalytic hydrogen evolution},
 volume = {15},
 year = {2023}
}

@article{ramkrishnaPopulationBalanceModeling2014,
 author = {Ramkrishna, Doraiswami and Singh, Meenesh R.},
 doi = {10.1146/annurev-chembioeng-060713-040241},
 journal = {Annual Review of Chemical and Biomolecular Engineering},
 pages = {123-146},
 publisher = {Annual Reviews},
 title = {Population Balance Modeling: Current Status and Future Prospects},
 volume = {5},
 year = {2014}
}

@article{sanyalComparisonPopulationBalance2004,
 author = {Sanyal, Jay and Marchisio, Daniele L. and Fox, Rodney O. and Dhanasekharan, Kumar},
 doi = {10.1021/ie049555j},
 journal = {Industrial \&; Engineering Chemistry Research},
 pages = {5063-5072},
 publisher = {American Chemical Society (ACS)},
 title = {On the Comparison between Population Balance Models for CFD Simulation of Bubble Columns},
 volume = {44},
 year = {2004}
}

@article{schillerDrag1933,
 author = {Schiller and Links},
 journal = {Zeit. Ver. Deutsch. Ing.},
 pages = {319-320},
 title = {A drag coefficient correlation},
 volume = {77},
 year = {1933}
}

@article{schmidtFutureCostPerformance2017,
 author = {Schmidt, O. and Gambhir, A. and Staffell, I. and Hawkes, A. and Nelson, J. and Few, S.},
 doi = {10.1016/j.ijhydene.2017.10.045},
 journal = {International Journal of Hydrogen Energy},
 pages = {30470-30492},
 publisher = {Elsevier BV},
 title = {Future cost and performance of water electrolysis: An expert elicitation study},
 volume = {42},
 year = {2017}
}

@article{wedinExperimentsModellingElectrochemically2003,
 author = {Wedin, R. and Davoust, L. and Cartellier, A. and Byrne, P.},
 doi = {10.1016/s0894-1777(03)00073-6},
 journal = {Experimental Thermal and Fluid Science},
 pages = {685-696},
 publisher = {Elsevier BV},
 title = {Experiments and modelling on electrochemically generated bubbly flows},
 volume = {27},
 year = {2003}
}

@article{zarghamiCFDModelingMultiphase2020,
 author = {Zarghami, A. and Deen, N.G. and Vreman, A.W.},
 doi = {10.1016/j.ces.2020.115926},
 journal = {Chemical Engineering Science},
 pages = {115926},
 publisher = {Elsevier BV},
 title = {CFD modeling of multiphase flow in an alkaline water electrolyzer},
 volume = {227},
 year = {2020}
}
